@article{Kam,
  author    = {Florian Kamm{\"u}ller and Lawrence C. Paulson},
  title     = {A {F}ormal {P}roof of {S}ylow's {T}heorem.},
  journal   = {Journal of Automating Reasoning},
  volume    = {23},
  number    = {3-4},
  year      = {1999},
  pages     = {235-264}
}


@Misc{ssreflect,
author = {Georges Gonthier},
title = {Notation of the {F}our {C}olour {T}heorem proof},
note = {Available at \\ \url{http://research.microsoft.com/~gonthier/4colnotations.pdf}}
}

@Misc{T100,
  author = {Freek Wiedijk},
  title = {Formalizing 100 Theorems},
  note =  "Available at \\ \url{http://www.cs.ru.nl/~freek/100/}"
}

@article{Wielandt,
  author    = {Helmut Wielandt},
  title     = {Ein Beweis für die {E}xistenz der {S}ylowgruppen},
  journal   = {Archiv der Mathematik},
  volume    = {10},
  year      = {1959},
  pages     = {401-402}
}


@Misc{const,
  title = "Group {T}heory",
  author = {Gregory M. Constantine},
  note="Available at \\ \url{http://www.pitt.edu/~gmc/algsyl.html}"
}


@TECHREPORT{gunter1989,
  AUTHOR = {Elsa Gunter},
  TITLE = {{D}oing {A}lgebra in {S}imple {T}ype {T}heory},
  YEAR = 1989,
  INSTITUTION = {University of Pennsylvania},
  NUMBER = {MS-CIS-89-38}
}

@article{Yu90,
  author    = {Yuan Yu},
  title     = {{C}omputer {P}roofs in {G}roup {T}heory},
  journal   = {J. Autom. Reasoning},
  volume    = {6},
  number    = {3},
  year      = {1990},
  pages     = {251-286},
}

@Misc{arthan,
  title = "Some Group Theory",
  author = {Rob Arthan},
  note="Available at \\ \url{http://www.lemma-one.com/ProofPower/examples/wrk068.pdf}"
}
@TECHREPORT{rt_sylow,
  AUTHOR = {Laurence Rideau and Laurent Théry},
  TITLE = {{F}ormalising {S}ylow's theorems in {C}oq},
  YEAR = 2006,
  INSTITUTION = {INRIA},
  NUMBER = {0327}
}

@misc{4color,
author = "Georges Gonthier",
title = "A computer-checked proof of the four-colour theorem",
type="Preprint",
note="Available at \url{http://research.microsoft.com/~gonthier/4colproof.pdf}"
}

@misc{ssr,
author = "Georges Gonthier",
title = "Notations of the Four Colour Theorem proof",
type="Preprint",
note="Available at \\ \url{http://research.microsoft.com/~gonthier/4colnotations.pdf}"
}



@article{avigad,
author = "Jeremy Avigad and Kevin Donnelly and David Gray and Paul Raff",
title = "A {F}ormally {V}erified {P}roof of the {P}rime {N}umber {T}heorem",
journal   = {ACM Transactions on Computational Logic},
year="To appear"
}

@inproceedings{FTA,
  author    = {Herman Geuvers and
               Freek Wiedijk and
               Jan Zwanenburg},
  title     = {A {C}onstructive {P}roof of the {F}undamental {T}heorem of {A}lgebra
               without {U}sing the {R}ationals.},
  booktitle = {Types for Proofs and Programs, TYPES 2000 International Workshop, Selected Papers},
 pages     = {96-111},
  series    = {LNCS},
  volume    = {2277},
  year      = {2002},
}

@Misc{flyspeck,
author = {The Flyspeck Project},
note = {\url{http://www.math.pitt.edu/~thales/flyspeck/}}
}
@Misc{Mizar,
author = {The Mizar Home Page},
note = {\url{http://www.mizar.org/}}
}
@Article{feit-thompson,
  author = 	 {Walter Feit and John G. Thompson},
  title = 	 {Solvability of groups of odd order},
  journal = 	 {Pacific Journal of Mathematics},
  year = 	 {1963},
  volume = 	 {13},
  number = 	 {3},
  pages = 	 {775-1029},
}


@Book{bender-glauberman,
  author = 	 {Helmut Bender and Georges Glauberman},
  title = 	 {{Local analysis for the Odd Order Theorem}},
  publisher = 	 {Cambridge University Press},
  series =       {London Mathematical Society Lecture Note Series},
  number =       {188},
  year = 	 {1994}
}


@Book{peterfalvi,
  author = 	 {Thomas Peterfalvi},
  title = 	 {{Character Theory for the Odd Order Theorem}},
  publisher = 	 {Cambridge University Press},
  series =       {London Mathematical Society Lecture Note Series},
  number =       {272},
  year = 	 {2000}
}

@ARTICLE{BarCap,
        author          = "Gilles Barthe and Venanzio Capretta and Olivier Pons.",
        title           = "Setoids in type theory.",
        journal         = "Journal of Functional Programming",
        volume          = "13(2)",
        pages           = "261-293",
        month           = "March",
        year            = "2003"}


@book{HOL,
   author = "Michael J. C. Gordon and Thomas F. Melham",
   title = "Introduction to {HOL} : a theorem proving environment for
                higher-order logic",
   publisher = "Cambridge University Press",
   year = 1993
}

@book{Isabelle,
  title = "{Isabelle}: a generic theorem prover",
  author = {Lawrence C. Paulson},
  year = 1994,
  volume = 828,
  series = "LNCS",
  publisher = {Springer-Verlag}
}


@PhdThesis{werner,
  author = 	 {Benjamin Werner},
  title = 	 {{Une théorie des Constructions Inductives}},
  school = 	 {Paris 7},
  year = 	 {1994}
}

@PHDTHESIS{paulin,
  author = {Christine Paulin-Mohring},
  title = {Définitions Inductives en Théorie des Types d'Ordre Supérieur},
  school = {Université Claude Bernard Lyon I},
  year = 1996,
  month = DEC,
  type = {Habilitation à diriger les recherches},
  url = {http://www.lri.fr/~paulin/habilitation.ps.gz}
}


@inproceedings{jackson,
  author    = {Paul Jackson},
  title     = {Exploring Abstract Algebra in Constructive Type Theory.},
  booktitle = {Automated Deduction - CADE-12, 12th International Conference
               on Automated Deduction, Nancy, France, June 26 - July 1,
               1994, Proceedings},
  year      = {1994},
  publisher = {Springer},
  series    = {Lecture Notes in Computer Science},
  volume    = {814},
  pages     = {590-604},
}

@Manual{Coq:manual,
  title =        {The Coq proof assistant reference manual},
  author =       {\mbox{The Coq development team}},
  organization = {LogiCal Project},
  note =         {Version 8.1},
  year =         {2007},
  url =          "http://coq.inria.fr"
}

@MastersThesis{bailey,
  author = 	 {Anthony Bailey},
  title = 	 {Representing algebra in {LEGO}},
  school = 	 {University of Edinburgh},
  year = 	 {1993}
}

